%%% Biber accepts '%' for marking comments
@online{controllNet,
  author  = {various},
  title   = {{ControlNet}},
  date    = {2023},
  url     = {https://github.com/lllyasviel/ControlNet},
  urldate = {2023-06-24},
  langid  = {english}
}
@online{realisticVision,
  author  = {SG161222},
  title   = {{Realistic Vision Model}},
  date    = {2023},
  url     = {https://civitai.com/models/4201/realistic-vision-v20},
  urldate = {2023-06-24},
  langid  = {english}
}
@online{webui,
  author  = {various},
  title   = {{Stable Diffusion Webui}},
  date    = {2023},
  url     = {https://github.com/AUTOMATIC1111/stable-diffusion-webui},
  urldate = {2023-06-24},
  langid  = {english}
}

